@article{Szurszewski03,
     key = "Szurszewski03",
  author = "Joe Szurszewski",
   title = "We Have Lift-off: The Launching Framework in Eclipse",
 journal = "Eclipse Corner Article",
    year = "2003",
   }

@article{Wright&04,
     key = "Wright\&04",
  author = "Darin Wright and Bjorn Freeman-Benson",
   title = "How to write an Eclipse debugger",
 journal = "Eclipse Corner Article",
    year = "2004",
   }

@article{Deva06,
     key = "Deva06",
  author = "Prashant Deva",
   title = "Create a commercial-quality Eclipse IDE, Part 2: The user interface",
 journal = "IBM Technical Library",
    year = "2006",
   }

@misc{Wikipedia,
	key="WikipediaMaven",
	author = "Wikipedia",
	title = "Apache Maven",
	howpublished = "\url{http://en.wikipedia.org/wiki/Apache\_Maven}"
} 
